<?xml version="1.0" encoding="UTF-8"?><collection xmlns="http://www.loc.gov/MARC21/slim"><record><leader>00426nam--2200145-i-4500</leader><controlfield tag="001">000035245</controlfield><controlfield tag="002">20161230</controlfield><controlfield tag="005">20161230201040</controlfield><controlfield tag="008">060222s1000------------r-----000-0-eng-d</controlfield><datafield ind1=" " ind2=" " tag="080"><subfield code="a">621.37</subfield></datafield><datafield ind1=" " ind2=" " tag="100"><subfield code="a">Pauli, Wolfgang</subfield></datafield><datafield ind1=" " ind2=" " tag="245"><subfield code="a">Vierpoltheorie und ihre anwendung auf elektronische schaltungen. mit 122 abbildungen</subfield></datafield><datafield ind1=" " ind2=" " tag="260"><subfield code="a">Berlin, Akademie-verlag, 1974, 234p</subfield></datafield><datafield ind1=" " ind2=" " tag="490"><subfield code="a">Wissenschaftiche Taschenbucher</subfield></datafield><datafield ind1=" " ind2=" " tag="852"><subfield code="a">43695</subfield></datafield></record></collection>